@inproceedings{DBLP:conf/cidr/StonebrakerBIBCZPX13,
	author    = {Michael Stonebraker and
	Daniel Bruckner and
	Ihab F. Ilyas and
	George Beskales and
	Mitch Cherniack and
	Stanley B. Zdonik and
	Alexander Pagan and
	Shan Xu},
	title     = {Data Curation at Scale: The Data Tamer System},
	booktitle = {CIDR},
	year      = {2013},
}

@inproceedings{DBLP:conf/icde/AbedjanMIOPS16,
	author    = {Ziawasch Abedjan and
	John Morcos and
	Ihab F. Ilyas and
	Mourad Ouzzani and
	Paolo Papotti and
	Michael Stonebraker},
	title     = {DataXFormer: {A} robust transformation discovery system},
	booktitle = {ICDE},
	pages     = {1134--1145},
	year      = {2016},
}

@article{evaluatioin,
	author    = {Ziawasch Abedjan and 
		Xu Chu and
		Dong Deng and 
		Raul Castro Fernandez and 
		Ihab F. Ilyas and 
		Mourad Ouzzani and 
		Paolo Papotti and 
		Michael Stonebraker and
		Nan Tang},
	title     = {Detecting Data Errors: Where are we and what needs to be done?},
	journal   = {{PVLDB}},
	year      = {2016},
}

@article{DBLP:journals/sigmod/DugganESBHKMMMZ15,
	author    = {Jennie Duggan and
	Aaron J. Elmore and
	Michael Stonebraker and
	Magdalena Balazinska and
	Bill Howe and
	Jeremy Kepner and
	Sam Madden and
	David Maier and
	Tim Mattson and
	Stanley B. Zdonik},
	title     = {The BigDAWG Polystore System},
	journal   = {{SIGMOD} Record},
	volume    = {44},
	number    = {2},
	pages     = {11--16},
	year      = {2015},
}

@article{DBLP:journals/pvldb/ElmoreDSBCGHHKK15,
	author    = {Aaron J. Elmore and
	Jennie Duggan and
	Mike Stonebraker and
	Magdalena Balazinska and
	Ugur {\c{C}}etintemel and
	Vijay Gadepally and
	Jeffrey Heer and
	Bill Howe and
	Jeremy Kepner and
	Tim Kraska and
	Samuel Madden and
	David Maier and
	Timothy G. Mattson and
	S. Papadopoulos and
	Jeff Parkhurst and
	Nesime Tatbul and
	Manasi Vartak and
	Stan Zdonik},
	title     = {A Demonstration of the BigDAWG Polystore System},
	journal   = {{PVLDB}},
	volume    = {8},
	number    = {12},
	pages     = {1908--1911},
	year      = {2015},
}


